<?xml version="1.0" encoding="UTF-8"?><collection xmlns="http://www.loc.gov/MARC21/slim"><record><leader>00612nam--2200205-i-4500</leader><controlfield tag="001">000043577</controlfield><controlfield tag="002">20161230</controlfield><controlfield tag="005">20161230201044</controlfield><controlfield tag="008">060222s1000------------r-----000-0-eng-d</controlfield><datafield ind1=" " ind2=" " tag="040"><subfield code="a">IFIN-HH</subfield></datafield><datafield ind1=" " ind2=" " tag="080"><subfield code="a">537</subfield></datafield><datafield ind1="1" ind2=" " tag="100"><subfield code="a">Panofsky, Wolfgang K.H</subfield></datafield><datafield ind1="1" ind2="0" tag="245"><subfield code="a">Classical electricity and magnbetism</subfield><subfield code="c">Wolfgang k.h. panofsky; melba phillips</subfield></datafield><datafield ind1=" " ind2=" " tag="250"><subfield code="a">Second Edition</subfield></datafield><datafield ind1=" " ind2=" " tag="260"><subfield code="a">Reading, Massachusetts</subfield><subfield code="b">Addison-wesley Publishing Company, Inc</subfield><subfield code="c">1962</subfield></datafield><datafield ind1=" " ind2=" " tag="300"><subfield code="a">494P</subfield></datafield><datafield ind1=" " ind2=" " tag="490"><subfield code="a">Addison-wesley Series In Physics</subfield></datafield><datafield ind1=" " ind2=" " tag="700"><subfield code="a">Phillips, Melba</subfield></datafield><datafield ind1=" " ind2=" " tag="852"><subfield code="a">14019</subfield><subfield code="c">537:538</subfield></datafield><datafield ind1=" " ind2=" " tag="CAT"><subfield code="a">Sys</subfield><subfield code="c">20110609</subfield><subfield code="h">120915</subfield></datafield></record></collection>